@ARTICLE{ARTICLE:1,
    AUTHOR="G.Monaco R.Carosi",
    TITLE="Generalized Graph k-Coloring Games",
    JOURNAL="Gran Sasso Science Institute (GSSI)",
    YEAR="2018",
}

@ARTICLE{ARTICLE:2,
    AUTHOR="M.Dantani G.Sukthankar E Andre S.Koenig",
    TITLE="Stable Outcomes in Modified Fractional Hedonic Games",
    JOURNAL="Internation Conference on Autonomous Agents and Multiagents Systems (AAMAS 18)",
    YEAR="2018",
}

@MISC{WEBSITE:1,
	HOWPUBLISHED = "\url{https://docs.python.org/3/library/index.html}",
	AUTHOR = "Python Software Foundation",
	TITLE = "Python Standard Library",
	YEAR = "2001-2018",
}

@MISC{WEBSITE:2,
	HOWPUBLISHED = "\url{https://networkx.github.io/documentation/stable/}",
	AUTHOR = "NetworkX Developers",
	TITLE = "NetworkX Library",
	YEAR = "2004-2018",
}